@ARTICLE{8539993,
  author={Pyzer-Knapp, E. O.},
  journal={IBM Journal of Research and Development}, 
  title={Bayesian optimization for accelerated drug discovery}, 
  year={2018},
  volume={62},
  number={6},
  pages={2:1-2:7},
  keywords={Optimization;Bayes methods;Diseases;Predictive models;Compounds;Task analysis;Drugs},
  doi={10.1147/JRD.2018.2881731}}

@article{zhang2020bayesian,
  title={Bayesian Optimization for Materials Design with Mixed Quantitative and Qualitative Variables},
  author={Zhang, Yuxin and Apley, Daniel W. and Chen, Wei},
  journal={Scientific Reports},
  volume={10},
  number={1},
  pages={4924},
  year={2020},
  publisher={Nature Publishing Group},
  doi={10.1038/s41598-020-60652-9},
  url={https://doi.org/10.1038/s41598-020-60652-9}
}

@article{berkenkamp2023bayesian,
  title={Bayesian optimization with safety constraints: safe and automatic parameter tuning in robotics},
  author={Berkenkamp, Felix and Krause, Andreas and Schoellig, Angela P.},
  journal={Machine Learning},
  volume={112},
  number={10},
  pages={3713--3747},
  year={2023},
  publisher={Springer},
  doi={10.1007/s10994-021-06019-1},
  url={https://doi.org/10.1007/s10994-021-06019-1}
}

@book{rasmussen2006gaussian,
  author    = {Carl Edward Rasmussen and Christopher K. I. Williams},
  title     = {Gaussian Processes for Machine Learning},
  publisher = {MIT Press},
  year      = {2006},
  volume    = {1},
  address   = {Cambridge, MA}
}

@book{garnett2023bayesian,
  author    = {Roman Garnett},
  title     = {Bayesian Optimization},
  publisher = {Cambridge University Press},
  year      = {2023},
  address   = {Cambridge}
}

@article{mackay1998introduction,
  title={Introduction to Gaussian processes},
  author={MacKay, David JC and others},
  journal={NATO ASI series F computer and systems sciences},
  volume={168},
  pages={133--166},
  year={1998},
  publisher={Citeseer}
}

@article{frazier2018tutorial,
  title={A Tutorial on {B}ayesian Optimization},
  author={Frazier, Peter I.},
  journal={arXiv preprint arXiv:1807.02811},
  year={2018},
  url={https://doi.org/10.48550/arXiv.1807.02811},
  note={arXiv:1807.02811 [stat.ML]}
}

@article{kushner1964new,
  title={A New Method of Locating the Maximum Point of an Arbitrary Multipeak Curve in the Presence of Noise},
  author={Kushner, Harold J.},
  journal={Journal of Basic Engineering},
  volume={86},
  number={1},
  pages={97--106},
  year={1964},
  publisher={ASME},
  doi={10.1115/1.3653121},
  url={https://doi.org/10.1115/1.3653121}
}

@inproceedings{mockus1975bayesian,
  title={On Bayesian methods for seeking the extremum},
  author={Mockus, Jonas},
  booktitle={Optimization Techniques IFIP Technical Conference},
  pages={400--404},
  year={1975},
  publisher={Springer}
}

@inproceedings{10.5555/3104322.3104451,
author = {Srinivas, Niranjan and Krause, Andreas and Kakade, Sham and Seeger, Matthias},
title = {Gaussian process optimization in the bandit setting: no regret and experimental design},
year = {2010},
isbn = {9781605589077},
publisher = {Omnipress},
address = {Madison, WI, USA},
abstract = {Many applications require optimizing an unknown, noisy function that is expensive to evaluate. We formalize this task as a multi-armed bandit problem, where the payoff function is either sampled from a Gaussian process (GP) or has low RKHS norm. We resolve the important open problem of deriving regret bounds for this setting, which imply novel convergence rates for GP optimization. We analyze GP-UCB, an intuitive upper-confidence based algorithm, and bound its cumulative regret in terms of maximal information gain, establishing a novel connection between GP optimization and experimental design. Moreover, by bounding the latter in terms of operator spectra, we obtain explicit sublinear regret bounds for many commonly used covariance functions. In some important cases, our bounds have surprisingly weak dependence on the dimensionality. In our experiments on real sensor data, GP-UCB compares favorably with other heuristical GP optimization approaches.},
booktitle = {Proceedings of the 27th International Conference on International Conference on Machine Learning},
pages = {1015â€“1022},
numpages = {8},
location = {Haifa, Israel},
series = {ICML'10}
}

@book{mockus1989bayesian,
  title={Bayesian Approach to Global Optimization: Theory and Applications},
  author={{Mockus}, Jonas},
  year={1989},
  publisher={Springer},
  series={Mathematics and Its Applications},
  volume={37},
  address={Dordrecht},
  doi={10.1007/978-94-015-7860-2},
  url={https://doi.org/10.1007/978-94-015-7860-2}
}


@ARTICLE{6773024,
  author={Shannon, C. E.},
  journal={The Bell System Technical Journal}, 
  title={A mathematical theory of communication}, 
  year={1948},
  volume={27},
  number={3},
  pages={379-423},
  keywords={},
  doi={10.1002/j.1538-7305.1948.tb01338.x}}

@book{kullback1968information,
  title={Information Theory and Statistics},
  author={Kullback, Solomon},
  year={1968},
  publisher={Dover Publications},
  address={Mineola, New York}
}

@article{hennig2012entropy,
  title={Entropy search for information-efficient global optimization},
  author={Hennig, Philipp and Schuler, Christian J},
  journal={Journal of Machine Learning Research},
  volume={13},
  number={Jun},
  pages={1809--1837},
  year={2012}
}

@inproceedings{hernandez2014predictive,
  title={Predictive entropy search for efficient global optimization of black-box functions},
  author={Hern{\'a}ndez-Lobato, Jos{\'e} Miguel and Hoffman, Matthew W and Ghahramani, Zoubin},
  booktitle={Advances in neural information processing systems},
  year={2014}
}

@inproceedings{wang2017max,
  title={Max-value entropy search for efficient Bayesian optimization},
  author={Wang, Zi and Jegelka, Stefanie and Gonzalez, Joseph E},
  booktitle={International Conference on Machine Learning},
  year={2017}
}

@book{robert2004monte,
  title={Monte Carlo Statistical Methods},
  author={Robert, Christian P. and Casella, George},
  year={2004},
  publisher={Springer}
}

@inproceedings{minka2001expectation,
  title={Expectation Propagation for approximate Bayesian inference},
  author={Minka, Thomas P.},
  booktitle={Proceedings of the 17th Conference on Uncertainty in Artificial Intelligence (UAI)},
  pages={362--369},
  year={2001},
  publisher={Morgan Kaufmann},
  address={San Francisco, CA, USA},
  isbn={1-55860-800-1}
}